@inproceedings{MPR11,
  author    = {Hemanta K. Maji and
               Manoj Prabhakaran and
               Mike Rosulek},
  title     = {Attribute-Based Signatures},
  booktitle = {Topics in Cryptology - {CT-RSA} 2011 - The Cryptographers' Track at
               the {RSA} Conference 2011, San Francisco, CA, USA, February 14-18,
               2011. Proceedings},
  pages     = {376--392},
  year      = {2011},
  crossref  = {DBLP:conf/ctrsa/2011},
  url       = {https://doi.org/10.1007/978-3-642-19074-2_24},
  doi       = {10.1007/978-3-642-19074-2_24},
  timestamp = {Sun, 21 May 2017 00:20:21 +0200},
  biburl    = {https://dblp.org/rec/bib/conf/ctrsa/MajiPR11},
  bibsource = {dblp computer science bibliography, https://dblp.org}
}
@proceedings{DBLP:conf/ctrsa/2011,
  editor    = {Aggelos Kiayias},
  title     = {Topics in Cryptology - {CT-RSA} 2011 - The Cryptographers' Track at
               the {RSA} Conference 2011, San Francisco, CA, USA, February 14-18,
               2011. Proceedings},
  series    = {Lecture Notes in Computer Science},
  volume    = {6558},
  publisher = {Springer},
  year      = {2011},
  url       = {https://doi.org/10.1007/978-3-642-19074-2},
  doi       = {10.1007/978-3-642-19074-2},
  isbn      = {978-3-642-19073-5},
  timestamp = {Sun, 21 May 2017 00:20:21 +0200},
  biburl    = {https://dblp.org/rec/bib/conf/ctrsa/2011},
  bibsource = {dblp computer science bibliography, https://dblp.org}
}